<?xml version="1.0" encoding="UTF-8"?><collection xmlns="http://www.loc.gov/MARC21/slim"><record><leader>00377nam--2200121-i-4500</leader><controlfield tag="001">000018529</controlfield><controlfield tag="002">20161230</controlfield><controlfield tag="005">20161230201032</controlfield><controlfield tag="008">060222s1000------------r-----000-0-eng-d</controlfield><datafield ind1=" " ind2=" " tag="245"><subfield code="a">Electrochemical constants.proceedings of the nbs semicentenial symposium held at the nbs on sept.19-21, 1951</subfield></datafield><datafield ind1=" " ind2=" " tag="260"><subfield code="a">Washington, N.B.S., 1953. Iv + 310 P</subfield></datafield><datafield ind1=" " ind2=" " tag="490"><subfield code="a">Proceedings</subfield></datafield><datafield ind1=" " ind2=" " tag="852"><subfield code="a">17670</subfield></datafield></record></collection>